
@online{cerradura,
title = {Transitive Closure},
url = {https://mathworld.wolfram.com/TransitiveClosure.html},
publisher = {Wolfram Mathworld},
author = {Weisstein, Eric W.}
}
@incollection{transitiva,
title = {Chapter 1 - Review of axiomatic set theory, ordinal, cardinal, aleph, relation, poset, chain},
editor = {Roland Fraïé},
series = {Studies in Logic and the Foundations of Mathematics},
publisher = {Elsevier},
volume = {145},
pages = {13-42},
year = {2000},
booktitle = {Theory of Relations},
issn = {0049-237X},
doi = {https://doi.org/10.1016/S0049-237X(00)80048-8},
url = {https://www.sciencedirect.com/science/article/pii/S0049237X00800488}
}